@article{stainforth,
	author = {Stainforth, David and Allen, M and Tredger, E and Smith, Leonard},
	year = {2007},
	month = {09},
	pages = {2145-2161},
	title = {Confidence, uncertainty and decision-support relevance in climate predictions},
	volume = {365},
	journal = {Philosophical transactions. Series A, Mathematical, physical, and engineering sciences},
	doi = {10.1098/rsta.2007.2074}
}

@article{stevensbony, 
author = {Stevens B, Bony S},
title = {What are climate models missing?},
journaltitle = {Science},
journalvolume ={340(6136)},
year = {2013},
pages = {1053–1054},
}

@article{teixeracardoso,
	author = {Teixeira, Jerónimo and Cardoso, S. and Bonazzola, M. and Cole, Jason and Delgenio, Anthony and Demott, Charlotte and Franklin, Charmaine and Hannay, Cecile and Jakob, Christian and Jiao, Y. and Karlsson, J. and Kitagawa, H. and Köhler, Martin and Kuwano-Yoshida, A. and LeDrian, C. and Li, Jui-Lin and AP, Lock and Miller, M. and Marquet, Pascal and Zhao, M.},
	year = {2011},
	month = {10},
	pages = {5223-5256},
	title = {Tropical and Subtropical Cloud Transitions in Weather and Climate Prediction Models: The GCSS/WGNE Pacific Cross-Section Intercomparison (GPCI)},
	volume = {24},
	journal = {Journal of Climate},
	doi = {10.1175/2011JCLI3672.1}
}

@article{chenshuyi,
	author = {Chen, Shuyi and Kerns, Brandon and Guy, Nick and Jorgensen, David and Delanoë, Julien and Viltard, Nicolas and Zappa, Christopher and Judt, Falko and Lee, Chia‐Ying and Savarin, Ajda},
	year = {2016},
	month = {04},
	pages = {},
	title = {Aircraft Observations of Dry Air, ITCZ, Convective Cloud Systems and Cold Pools in MJO During DYNAMO},
	volume = {97},
	journal = {Bulletin of the American Meteorological Society},
	doi = {10.1175/BAMS-D-13-00196.1}
}

@inproceedings{marauntowards,
	title={Towards process-informed bias correction of climate change simulations},
	author={Douglas Maraun and T G Shepherd and Martin Widmann and G Zappa and Daniel Walton and Jos{\'e} Manuel Guti{\'e}rrez and Stefan Hagemann and Ingo Richter and Pedro M. M. Soares and Alex Hall and Linda O. Mearns},
	year={2017}
}

@book{stachowiak,
	 title={Allgemeine Modelltheorie},
	 author={Herbert Stachiowak},
	 year={1975},
	 pages={131-133}}